@BOOK{MANUAL,
  title = {{Manual B\'asico de Creaci\'on de P\'aginas Web}},
  year = {2006},
  publisher={Universidad de Murcia},
  author = {Universidad de Murcia, \'Area de Tecnolog\'ias de la Informaci\'on y las Comunicaciones Aplicadas.}, 
  note = "[Acceso online; accesado el 26-Julio-2016] \url{https://www.um.es/atica/documentos/html.pdf}"
}

@BOOK{HTML5,
  title = {{El Gran Libro de HTML5, CSS3 y Javascript}},
  year = {2012},
  publisher={Marcombo},
  author = {J.D. Gauchat}, 
  note = "[Acceso online; accesado el 26-Julio-2016] \url{https://gutl.jovenclub.cu/wp-content/uploads/2013/10/El+gran+libro+de+HTML5+CSS3+y+Javascrip.pdf}"
}

@BOOK{JQUERY1,
  title = {{Usage of JavaScript libraries for websites}},
  year = {2009},
  publisher={W3Techs},
  author = {W3Techs}, 
  note = "[Acceso online; accesado el 26-Julio-2016] \url{https://w3techs.com/technologies/overview/javascript_library/all}"
}

@BOOK{JQUERY2,
  title = {{License}},
  year = {2009},
  publisher={jQuery Foundation},
  author = {jQuery Foundation}, 
  note = "[Acceso online; accesado el 26-Julio-2016] \url{https://w3techs.com/technologies/overview/javascript_library/all}"
}

@BOOK{APLICACIONES,
  title = {{Aplicaciones Web vs Aplicaciones de Escritorio}},
  year = {2012},
  publisher={Consultor\'ia Inform\'atica},
  author = {D\'amaso Vel\'azquez \'Alvarez}, 
  note = "[Acceso online; accesado el 26-Julio-2016] \url{https://www.webprogramacion.com/356/blog-informatica-tecnologia/aplicaciones-web-vs-aplicaciones-de-escritorio.aspx}"
}

@BOOK{JAVA1,
  title = {{Programming Language Popularity}},
  year = {2013},
  publisher={LangPop},
  author = {LangPop}, 
  note = "[Acceso online; accesado el 26-Julio-2016] \url{http://web.archive.org/web/20150829085248/http://langpop.com/}"
}

@BOOK{JAVA2,
  title = {{July Headline: Assembly Language enters the Top 10 again}},
  year = {2016},
  publisher={TIOBE},
  author = {TIOBE}, 
  note = "[Acceso online; accesado el 26-Julio-2016] \url{http://www.tiobe.com/tiobe_index}"
}

@BOOK{MYSQL1,
  title = {{The World's Most Popular Open Source Database}},
  year = {2016},
  publisher={ORACLE},
  author = {ORACLE}, 
  note = "[Acceso online; accesado el 26-Julio-2016] \url{http://www.oracle.com/us/products/mysql/overview/index.html}"
}

@BOOK{MYSQL2,
  title = {{DB-Engines Ranking}},
  year = {2016},
  publisher={DB-Engines},
  author = {DB-Engines}, 
  note = "[Acceso online; accesado el 26-Julio-2016] \url{http://db-engines.com/en/ranking}"
}

@BOOK{MYSQL3,
  title = {{Help saving MySQL}},
  year = {2009},
  publisher={Monty Says Blog},
  author = {Michael Widenius}, 
  note = "[Acceso online; accesado el 26-Julio-2016] \url{http://monty-says.blogspot.mx/2009/12/help-saving-mysql.html}"
}